%YAML 1.1
%TAG !u! tag:unity3d.com,2011:
--- !u!1 &3786309915393757879
GameObject:
  m_ObjectHideFlags: 0
  m_CorrespondingSourceObject: {fileID: 0}
  m_PrefabInstance: {fileID: 0}
  m_PrefabAsset: {fileID: 0}
  serializedVersion: 6
  m_Component:
  - component: {fileID: 2699500404407355931}
  - component: {fileID: 6538502623467490484}
  - component: {fileID: 5453954523630412865}
  m_Layer: 0
  m_Name: Text (TMP)
  m_TagString: Untagged
  m_Icon: {fileID: 0}
  m_NavMeshLayer: 0
  m_StaticEditorFlags: 0
  m_IsActive: 1
--- !u!224 &2699500404407355931
RectTransform:
  m_ObjectHideFlags: 0
  m_CorrespondingSourceObject: {fileID: 0}
  m_PrefabInstance: {fileID: 0}
  m_PrefabAsset: {fileID: 0}
  m_GameObject: {fileID: 3786309915393757879}
  m_LocalRotation: {x: 0, y: 0, z: 0, w: 1}
  m_LocalPosition: {x: 0, y: 0, z: -1.6}
  m_LocalScale: {x: 0.025607789, y: 0.036567, z: 0.036567}
  m_ConstrainProportionsScale: 0
  m_Children: []
  m_Father: {fileID: 8272970693506578800}
  m_LocalEulerAnglesHint: {x: 0, y: 0, z: 0}
  m_AnchorMin: {x: 0.5, y: 0.5}
  m_AnchorMax: {x: 0.5, y: 0.5}
  m_AnchoredPosition: {x: 0.004, y: -0.08}
  m_SizeDelta: {x: 20, y: 5}
  m_Pivot: {x: 0.5, y: 0.5}
--- !u!23 &6538502623467490484
MeshRenderer:
  m_ObjectHideFlags: 0
  m_CorrespondingSourceObject: {fileID: 0}
  m_PrefabInstance: {fileID: 0}
  m_PrefabAsset: {fileID: 0}
  m_GameObject: {fileID: 3786309915393757879}
  m_Enabled: 1
  m_CastShadows: 0
  m_ReceiveShadows: 0
  m_DynamicOccludee: 1
  m_StaticShadowCaster: 0
  m_MotionVectors: 1
  m_LightProbeUsage: 1
  m_ReflectionProbeUsage: 1
  m_RayTracingMode: 2
  m_RayTraceProcedural: 0
  m_RenderingLayerMask: 1
  m_RendererPriority: 0
  m_Materials:
  - {fileID: 2180264, guid: 8f586378b4e144a9851e7b34d9b748ee, type: 2}
  m_StaticBatchInfo:
    firstSubMesh: 0
    subMeshCount: 0
  m_StaticBatchRoot: {fileID: 0}
  m_ProbeAnchor: {fileID: 0}
  m_LightProbeVolumeOverride: {fileID: 0}
  m_ScaleInLightmap: 1
  m_ReceiveGI: 1
  m_PreserveUVs: 0
  m_IgnoreNormalsForChartDetection: 0
  m_ImportantGI: 0
  m_StitchLightmapSeams: 1
  m_SelectedEditorRenderState: 3
  m_MinimumChartSize: 4
  m_AutoUVMaxDistance: 0.5
  m_AutoUVMaxAngle: 89
  m_LightmapParameters: {fileID: 0}
  m_SortingLayerID: 0
  m_SortingLayer: 0
  m_SortingOrder: 0
  m_AdditionalVertexStreams: {fileID: 0}
--- !u!114 &5453954523630412865
MonoBehaviour:
  m_ObjectHideFlags: 0
  m_CorrespondingSourceObject: {fileID: 0}
  m_PrefabInstance: {fileID: 0}
  m_PrefabAsset: {fileID: 0}
  m_GameObject: {fileID: 3786309915393757879}
  m_Enabled: 1
  m_EditorHideFlags: 0
  m_Script: {fileID: 11500000, guid: 9541d86e2fd84c1d9990edf0852d74ab, type: 3}
  m_Name: 
  m_EditorClassIdentifier: 
  m_Material: {fileID: 0}
  m_Color: {r: 1, g: 1, b: 1, a: 1}
  m_RaycastTarget: 1
  m_RaycastPadding: {x: 0, y: 0, z: 0, w: 0}
  m_Maskable: 1
  m_OnCullStateChanged:
    m_PersistentCalls:
      m_Calls: []
  m_text: More Details
  m_isRightToLeft: 0
  m_fontAsset: {fileID: 11400000, guid: 8f586378b4e144a9851e7b34d9b748ee, type: 2}
  m_sharedMaterial: {fileID: 2180264, guid: 8f586378b4e144a9851e7b34d9b748ee, type: 2}
  m_fontSharedMaterials: []
  m_fontMaterial: {fileID: 0}
  m_fontMaterials: []
  m_fontColor32:
    serializedVersion: 2
    rgba: 4294967295
  m_fontColor: {r: 1, g: 1, b: 1, a: 1}
  m_enableVertexGradient: 0
  m_colorMode: 3
  m_fontColorGradient:
    topLeft: {r: 1, g: 1, b: 1, a: 1}
    topRight: {r: 1, g: 1, b: 1, a: 1}
    bottomLeft: {r: 1, g: 1, b: 1, a: 1}
    bottomRight: {r: 1, g: 1, b: 1, a: 1}
  m_fontColorGradientPreset: {fileID: 0}
  m_spriteAsset: {fileID: 0}
  m_tintAllSprites: 0
  m_StyleSheet: {fileID: 0}
  m_TextStyleHashCode: -1183493901
  m_overrideHtmlColors: 0
  m_faceColor:
    serializedVersion: 2
    rgba: 4294967295
  m_fontSize: 48.01
  m_fontSizeBase: 48.01
  m_fontWeight: 400
  m_enableAutoSizing: 0
  m_fontSizeMin: 18
  m_fontSizeMax: 72
  m_fontStyle: 1
  m_HorizontalAlignment: 2
  m_VerticalAlignment: 512
  m_textAlignment: 65535
  m_characterSpacing: 0
  m_wordSpacing: 0
  m_lineSpacing: 0
  m_lineSpacingMax: 0
  m_paragraphSpacing: 0
  m_charWidthMaxAdj: 0
  m_enableWordWrapping: 1
  m_wordWrappingRatios: 0.4
  m_overflowMode: 0
  m_linkedTextComponent: {fileID: 0}
  parentLinkedComponent: {fileID: 0}
  m_enableKerning: 1
  m_enableExtraPadding: 0
  checkPaddingRequired: 0
  m_isRichText: 1
  m_parseCtrlCharacters: 1
  m_isOrthographic: 0
  m_isCullingEnabled: 0
  m_horizontalMapping: 0
  m_verticalMapping: 0
  m_uvLineOffset: 0
  m_geometrySortingOrder: 0
  m_IsTextObjectScaleStatic: 0
  m_VertexBufferAutoSizeReduction: 0
  m_useMaxVisibleDescender: 1
  m_pageToDisplay: 1
  m_margin: {x: -6.307103, y: -9.551044, z: -6.664027, w: -4.4949017}
  m_isUsingLegacyAnimationComponent: 0
  m_isVolumetricText: 0
  _SortingLayer: 0
  _SortingLayerID: 0
  _SortingOrder: 0
  m_hasFontAssetChanged: 0
  m_renderer: {fileID: 6538502623467490484}
  m_maskType: 0
--- !u!1 &5001878166470931182
GameObject:
  m_ObjectHideFlags: 0
  m_CorrespondingSourceObject: {fileID: 0}
  m_PrefabInstance: {fileID: 0}
  m_PrefabAsset: {fileID: 0}
  serializedVersion: 6
  m_Component:
  - component: {fileID: 7077256206269132972}
  m_Layer: 0
  m_Name: Cube UI Button (9) Base
  m_TagString: Untagged
  m_Icon: {fileID: 0}
  m_NavMeshLayer: 0
  m_StaticEditorFlags: 0
  m_IsActive: 1
--- !u!4 &7077256206269132972
Transform:
  m_ObjectHideFlags: 0
  m_CorrespondingSourceObject: {fileID: 0}
  m_PrefabInstance: {fileID: 0}
  m_PrefabAsset: {fileID: 0}
  m_GameObject: {fileID: 5001878166470931182}
  serializedVersion: 2
  m_LocalRotation: {x: -0, y: -0, z: -0, w: 1}
  m_LocalPosition: {x: 0, y: 3.54, z: -1.495}
  m_LocalScale: {x: 12.902428, y: 183.54332, z: 14.783154}
  m_ConstrainProportionsScale: 0
  m_Children:
  - {fileID: 4123267389408576131}
  m_Father: {fileID: 8750646227914046323}
  m_LocalEulerAnglesHint: {x: 0, y: 0, z: 0}
--- !u!1 &6596246517540853151
GameObject:
  m_ObjectHideFlags: 0
  m_CorrespondingSourceObject: {fileID: 0}
  m_PrefabInstance: {fileID: 0}
  m_PrefabAsset: {fileID: 0}
  serializedVersion: 6
  m_Component:
  - component: {fileID: 4123267389408576131}
  m_Layer: 0
  m_Name: Cube UI Button (9) Base
  m_TagString: Untagged
  m_Icon: {fileID: 0}
  m_NavMeshLayer: 0
  m_StaticEditorFlags: 0
  m_IsActive: 1
--- !u!4 &4123267389408576131
Transform:
  m_ObjectHideFlags: 0
  m_CorrespondingSourceObject: {fileID: 0}
  m_PrefabInstance: {fileID: 0}
  m_PrefabAsset: {fileID: 0}
  m_GameObject: {fileID: 6596246517540853151}
  serializedVersion: 2
  m_LocalRotation: {x: -0.7194731, y: -0.000000036796163, z: 0.000000005350673, w: 0.69452035}
  m_LocalPosition: {x: 0, y: -0.0105, z: 0.0396}
  m_LocalScale: {x: 0.71343, y: 0.3781002, z: 1}
  m_ConstrainProportionsScale: 0
  m_Children:
  - {fileID: 8857487693444340092}
  m_Father: {fileID: 7077256206269132972}
  m_LocalEulerAnglesHint: {x: 0, y: 0, z: 0}
--- !u!1 &6685841694998661586
GameObject:
  m_ObjectHideFlags: 0
  m_CorrespondingSourceObject: {fileID: 0}
  m_PrefabInstance: {fileID: 0}
  m_PrefabAsset: {fileID: 0}
  serializedVersion: 6
  m_Component:
  - component: {fileID: 8566964633497610621}
  - component: {fileID: 6713279434638914813}
  - component: {fileID: 2511663952854700649}
  - component: {fileID: 5065359493639069751}
  m_Layer: 0
  m_Name: Comments
  m_TagString: Untagged
  m_Icon: {fileID: 0}
  m_NavMeshLayer: 0
  m_StaticEditorFlags: 0
  m_IsActive: 0
--- !u!4 &8566964633497610621
Transform:
  m_ObjectHideFlags: 0
  m_CorrespondingSourceObject: {fileID: 0}
  m_PrefabInstance: {fileID: 0}
  m_PrefabAsset: {fileID: 0}
  m_GameObject: {fileID: 6685841694998661586}
  serializedVersion: 2
  m_LocalRotation: {x: -0, y: -0, z: -0, w: 1}
  m_LocalPosition: {x: 0.7769829, y: 0, z: 0}
  m_LocalScale: {x: 0.43370003, y: 1, z: 1}
  m_ConstrainProportionsScale: 0
  m_Children: []
  m_Father: {fileID: 8750646227914046323}
  m_LocalEulerAnglesHint: {x: 0, y: 0, z: 0}
--- !u!33 &6713279434638914813
MeshFilter:
  m_ObjectHideFlags: 0
  m_CorrespondingSourceObject: {fileID: 0}
  m_PrefabInstance: {fileID: 0}
  m_PrefabAsset: {fileID: 0}
  m_GameObject: {fileID: 6685841694998661586}
  m_Mesh: {fileID: 10202, guid: 0000000000000000e000000000000000, type: 0}
--- !u!23 &2511663952854700649
MeshRenderer:
  m_ObjectHideFlags: 0
  m_CorrespondingSourceObject: {fileID: 0}
  m_PrefabInstance: {fileID: 0}
  m_PrefabAsset: {fileID: 0}
  m_GameObject: {fileID: 6685841694998661586}
  m_Enabled: 1
  m_CastShadows: 1
  m_ReceiveShadows: 1
  m_DynamicOccludee: 1
  m_StaticShadowCaster: 0
  m_MotionVectors: 1
  m_LightProbeUsage: 1
  m_ReflectionProbeUsage: 1
  m_RayTracingMode: 2
  m_RayTraceProcedural: 0
  m_RenderingLayerMask: 1
  m_RendererPriority: 0
  m_Materials:
  - {fileID: 10303, guid: 0000000000000000f000000000000000, type: 0}
  m_StaticBatchInfo:
    firstSubMesh: 0
    subMeshCount: 0
  m_StaticBatchRoot: {fileID: 0}
  m_ProbeAnchor: {fileID: 0}
  m_LightProbeVolumeOverride: {fileID: 0}
  m_ScaleInLightmap: 1
  m_ReceiveGI: 1
  m_PreserveUVs: 0
  m_IgnoreNormalsForChartDetection: 0
  m_ImportantGI: 0
  m_StitchLightmapSeams: 1
  m_SelectedEditorRenderState: 3
  m_MinimumChartSize: 4
  m_AutoUVMaxDistance: 0.5
  m_AutoUVMaxAngle: 89
  m_LightmapParameters: {fileID: 0}
  m_SortingLayerID: 0
  m_SortingLayer: 0
  m_SortingOrder: 0
  m_AdditionalVertexStreams: {fileID: 0}
--- !u!65 &5065359493639069751
BoxCollider:
  m_ObjectHideFlags: 0
  m_CorrespondingSourceObject: {fileID: 0}
  m_PrefabInstance: {fileID: 0}
  m_PrefabAsset: {fileID: 0}
  m_GameObject: {fileID: 6685841694998661586}
  m_Material: {fileID: 0}
  m_IncludeLayers:
    serializedVersion: 2
    m_Bits: 0
  m_ExcludeLayers:
    serializedVersion: 2
    m_Bits: 0
  m_LayerOverridePriority: 0
  m_IsTrigger: 0
  m_ProvidesContacts: 0
  m_Enabled: 1
  serializedVersion: 3
  m_Size: {x: 1, y: 1, z: 1}
  m_Center: {x: 0, y: 0, z: 0}
--- !u!1001 &236273942882373078
PrefabInstance:
  m_ObjectHideFlags: 0
  serializedVersion: 2
  m_Modification:
    serializedVersion: 3
    m_TransformParent: {fileID: 0}
    m_Modifications:
    - target: {fileID: 4243282577522406482, guid: f7d286524d49cd749ba0dd847dbe71d4, type: 3}
      propertyPath: _eventTable._entries.Array.size
      value: 1
      objectReference: {fileID: 0}
    - target: {fileID: 4243282577522406482, guid: f7d286524d49cd749ba0dd847dbe71d4, type: 3}
      propertyPath: _eventTable._entries.Array.data[0].enumValue
      value: 170
      objectReference: {fileID: 0}
    - target: {fileID: 4243282577522406482, guid: f7d286524d49cd749ba0dd847dbe71d4, type: 3}
      propertyPath: _eventTable._entries.Array.data[1].enumValue
      value: 170
      objectReference: {fileID: 0}
    - target: {fileID: 4243282577522406482, guid: f7d286524d49cd749ba0dd847dbe71d4, type: 3}
      propertyPath: _eventTable._entries.Array.data[1].callback.m_PersistentCalls.m_Calls.Array.size
      value: 1
      objectReference: {fileID: 0}
    - target: {fileID: 4243282577522406482, guid: f7d286524d49cd749ba0dd847dbe71d4, type: 3}
      propertyPath: _eventTable._entries.Array.data[1].callback.m_PersistentCalls.m_Calls.Array.data[0].m_Mode
      value: 1
      objectReference: {fileID: 0}
    - target: {fileID: 4243282577522406482, guid: f7d286524d49cd749ba0dd847dbe71d4, type: 3}
      propertyPath: _eventTable._entries.Array.data[1].callback.m_PersistentCalls.m_Calls.Array.data[0].m_Target
      value: 
      objectReference: {fileID: 2089800192471159477}
    - target: {fileID: 4243282577522406482, guid: f7d286524d49cd749ba0dd847dbe71d4, type: 3}
      propertyPath: _eventTable._entries.Array.data[1].callback.m_PersistentCalls.m_Calls.Array.data[0].m_CallState
      value: 2
      objectReference: {fileID: 0}
    - target: {fileID: 4243282577522406482, guid: f7d286524d49cd749ba0dd847dbe71d4, type: 3}
      propertyPath: _eventTable._entries.Array.data[1].callback.m_PersistentCalls.m_Calls.Array.data[0].m_MethodName
      value: ToggleInfoPanel
      objectReference: {fileID: 0}
    - target: {fileID: 4243282577522406482, guid: f7d286524d49cd749ba0dd847dbe71d4, type: 3}
      propertyPath: _eventTable._entries.Array.data[1].callback.m_PersistentCalls.m_Calls.Array.data[0].m_TargetAssemblyTypeName
      value: ToggleInfo, Assembly-CSharp
      objectReference: {fileID: 0}
    - target: {fileID: 4243282577522406482, guid: f7d286524d49cd749ba0dd847dbe71d4, type: 3}
      propertyPath: _eventTable._entries.Array.data[1].callback.m_PersistentCalls.m_Calls.Array.data[0].m_Arguments.m_ObjectArgumentAssemblyTypeName
      value: UnityEngine.Object, UnityEngine
      objectReference: {fileID: 0}
    - target: {fileID: 5086097314210001590, guid: f7d286524d49cd749ba0dd847dbe71d4, type: 3}
      propertyPath: m_Name
      value: POI Comments Variant
      objectReference: {fileID: 0}
    - target: {fileID: 6143515348799646951, guid: f7d286524d49cd749ba0dd847dbe71d4, type: 3}
      propertyPath: m_LocalPosition.x
      value: -0.439
      objectReference: {fileID: 0}
    - target: {fileID: 6143515348799646951, guid: f7d286524d49cd749ba0dd847dbe71d4, type: 3}
      propertyPath: m_LocalPosition.y
      value: 0.891
      objectReference: {fileID: 0}
    - target: {fileID: 6143515348799646951, guid: f7d286524d49cd749ba0dd847dbe71d4, type: 3}
      propertyPath: m_LocalPosition.z
      value: 0.171
      objectReference: {fileID: 0}
    - target: {fileID: 6143515348799646951, guid: f7d286524d49cd749ba0dd847dbe71d4, type: 3}
      propertyPath: m_LocalRotation.w
      value: 0.7071068
      objectReference: {fileID: 0}
    - target: {fileID: 6143515348799646951, guid: f7d286524d49cd749ba0dd847dbe71d4, type: 3}
      propertyPath: m_LocalRotation.x
      value: 0.7071068
      objectReference: {fileID: 0}
    - target: {fileID: 6143515348799646951, guid: f7d286524d49cd749ba0dd847dbe71d4, type: 3}
      propertyPath: m_LocalRotation.y
      value: -0
      objectReference: {fileID: 0}
    - target: {fileID: 6143515348799646951, guid: f7d286524d49cd749ba0dd847dbe71d4, type: 3}
      propertyPath: m_LocalRotation.z
      value: -0
      objectReference: {fileID: 0}
    - target: {fileID: 6143515348799646951, guid: f7d286524d49cd749ba0dd847dbe71d4, type: 3}
      propertyPath: m_LocalEulerAnglesHint.x
      value: 90
      objectReference: {fileID: 0}
    - target: {fileID: 6143515348799646951, guid: f7d286524d49cd749ba0dd847dbe71d4, type: 3}
      propertyPath: m_LocalEulerAnglesHint.y
      value: 0
      objectReference: {fileID: 0}
    - target: {fileID: 6143515348799646951, guid: f7d286524d49cd749ba0dd847dbe71d4, type: 3}
      propertyPath: m_LocalEulerAnglesHint.z
      value: 0
      objectReference: {fileID: 0}
    - target: {fileID: 8806757767768635045, guid: f7d286524d49cd749ba0dd847dbe71d4, type: 3}
      propertyPath: m_LocalPosition.y
      value: 0
      objectReference: {fileID: 0}
    - target: {fileID: 8806757767768635045, guid: f7d286524d49cd749ba0dd847dbe71d4, type: 3}
      propertyPath: m_LocalPosition.z
      value: -401
      objectReference: {fileID: 0}
    - target: {fileID: 8898757145301415520, guid: f7d286524d49cd749ba0dd847dbe71d4, type: 3}
      propertyPath: m_IsActive
      value: 0
      objectReference: {fileID: 0}
    m_RemovedComponents: []
    m_RemovedGameObjects: []
    m_AddedGameObjects:
    - targetCorrespondingSourceObject: {fileID: 8806757767768635045, guid: f7d286524d49cd749ba0dd847dbe71d4, type: 3}
      insertIndex: -1
      addedObject: {fileID: 8566964633497610621}
    - targetCorrespondingSourceObject: {fileID: 8806757767768635045, guid: f7d286524d49cd749ba0dd847dbe71d4, type: 3}
      insertIndex: -1
      addedObject: {fileID: 7077256206269132972}
    m_AddedComponents:
    - targetCorrespondingSourceObject: {fileID: 5086097314210001590, guid: f7d286524d49cd749ba0dd847dbe71d4, type: 3}
      insertIndex: -1
      addedObject: {fileID: 5944737991030012998}
  m_SourcePrefab: {fileID: 100100000, guid: f7d286524d49cd749ba0dd847dbe71d4, type: 3}
--- !u!114 &2089800192471159477 stripped
MonoBehaviour:
  m_CorrespondingSourceObject: {fileID: 2181747547811749731, guid: f7d286524d49cd749ba0dd847dbe71d4, type: 3}
  m_PrefabInstance: {fileID: 236273942882373078}
  m_PrefabAsset: {fileID: 0}
  m_GameObject: {fileID: 5031113873283972960}
  m_Enabled: 1
  m_EditorHideFlags: 0
  m_Script: {fileID: 11500000, guid: 8351df6c21018764f9a8d04b1c2c44c1, type: 3}
  m_Name: 
  m_EditorClassIdentifier: 
--- !u!1 &5031113873283972960 stripped
GameObject:
  m_CorrespondingSourceObject: {fileID: 5086097314210001590, guid: f7d286524d49cd749ba0dd847dbe71d4, type: 3}
  m_PrefabInstance: {fileID: 236273942882373078}
  m_PrefabAsset: {fileID: 0}
--- !u!114 &5944737991030012998
MonoBehaviour:
  m_ObjectHideFlags: 0
  m_CorrespondingSourceObject: {fileID: 0}
  m_PrefabInstance: {fileID: 0}
  m_PrefabAsset: {fileID: 0}
  m_GameObject: {fileID: 5031113873283972960}
  m_Enabled: 1
  m_EditorHideFlags: 0
  m_Script: {fileID: 11500000, guid: c32b6f1eb5282e841913fa9eebbbed6b, type: 3}
  m_Name: 
  m_EditorClassIdentifier: 
--- !u!4 &8750646227914046323 stripped
Transform:
  m_CorrespondingSourceObject: {fileID: 8806757767768635045, guid: f7d286524d49cd749ba0dd847dbe71d4, type: 3}
  m_PrefabInstance: {fileID: 236273942882373078}
  m_PrefabAsset: {fileID: 0}
--- !u!1001 &8855177116863617434
PrefabInstance:
  m_ObjectHideFlags: 0
  serializedVersion: 2
  m_Modification:
    serializedVersion: 3
    m_TransformParent: {fileID: 4123267389408576131}
    m_Modifications:
    - target: {fileID: 1329088948137194, guid: df84af96020c94b4695aec5c3427db16, type: 3}
      propertyPath: m_Name
      value: Cube UI Button (9)
      objectReference: {fileID: 0}
    - target: {fileID: 4493201980653798, guid: df84af96020c94b4695aec5c3427db16, type: 3}
      propertyPath: m_RootOrder
      value: 8
      objectReference: {fileID: 0}
    - target: {fileID: 4493201980653798, guid: df84af96020c94b4695aec5c3427db16, type: 3}
      propertyPath: m_LocalScale.x
      value: 1
      objectReference: {fileID: 0}
    - target: {fileID: 4493201980653798, guid: df84af96020c94b4695aec5c3427db16, type: 3}
      propertyPath: m_LocalScale.y
      value: 1
      objectReference: {fileID: 0}
    - target: {fileID: 4493201980653798, guid: df84af96020c94b4695aec5c3427db16, type: 3}
      propertyPath: m_LocalScale.z
      value: 1
      objectReference: {fileID: 0}
    - target: {fileID: 4493201980653798, guid: df84af96020c94b4695aec5c3427db16, type: 3}
      propertyPath: m_LocalPosition.x
      value: 0
      objectReference: {fileID: 0}
    - target: {fileID: 4493201980653798, guid: df84af96020c94b4695aec5c3427db16, type: 3}
      propertyPath: m_LocalPosition.y
      value: 0
      objectReference: {fileID: 0}
    - target: {fileID: 4493201980653798, guid: df84af96020c94b4695aec5c3427db16, type: 3}
      propertyPath: m_LocalPosition.z
      value: 0
      objectReference: {fileID: 0}
    - target: {fileID: 4493201980653798, guid: df84af96020c94b4695aec5c3427db16, type: 3}
      propertyPath: m_LocalRotation.w
      value: 1
      objectReference: {fileID: 0}
    - target: {fileID: 4493201980653798, guid: df84af96020c94b4695aec5c3427db16, type: 3}
      propertyPath: m_LocalRotation.x
      value: -0
      objectReference: {fileID: 0}
    - target: {fileID: 4493201980653798, guid: df84af96020c94b4695aec5c3427db16, type: 3}
      propertyPath: m_LocalRotation.y
      value: -3.5527124e-15
      objectReference: {fileID: 0}
    - target: {fileID: 4493201980653798, guid: df84af96020c94b4695aec5c3427db16, type: 3}
      propertyPath: m_LocalRotation.z
      value: -3.5527124e-15
      objectReference: {fileID: 0}
    - target: {fileID: 4493201980653798, guid: df84af96020c94b4695aec5c3427db16, type: 3}
      propertyPath: m_LocalEulerAnglesHint.x
      value: -92.022
      objectReference: {fileID: 0}
    - target: {fileID: 4493201980653798, guid: df84af96020c94b4695aec5c3427db16, type: 3}
      propertyPath: m_LocalEulerAnglesHint.y
      value: 0
      objectReference: {fileID: 0}
    - target: {fileID: 4493201980653798, guid: df84af96020c94b4695aec5c3427db16, type: 3}
      propertyPath: m_LocalEulerAnglesHint.z
      value: 0
      objectReference: {fileID: 0}
    - target: {fileID: 54104857292544158, guid: df84af96020c94b4695aec5c3427db16, type: 3}
      propertyPath: m_Interpolate
      value: 0
      objectReference: {fileID: 0}
    - target: {fileID: 54104857292544158, guid: df84af96020c94b4695aec5c3427db16, type: 3}
      propertyPath: m_CollisionDetection
      value: 2
      objectReference: {fileID: 0}
    - target: {fileID: 114193398573130750, guid: df84af96020c94b4695aec5c3427db16, type: 3}
      propertyPath: _OnPress.m_PersistentCalls.m_Calls.Array.size
      value: 1
      objectReference: {fileID: 0}
    - target: {fileID: 114193398573130750, guid: df84af96020c94b4695aec5c3427db16, type: 3}
      propertyPath: _OnPress.m_PersistentCalls.m_Calls.Array.data[0].m_Mode
      value: 1
      objectReference: {fileID: 0}
    - target: {fileID: 114193398573130750, guid: df84af96020c94b4695aec5c3427db16, type: 3}
      propertyPath: _OnPress.m_PersistentCalls.m_Calls.Array.data[0].m_Target
      value: 
      objectReference: {fileID: 5944737991030012998}
    - target: {fileID: 114193398573130750, guid: df84af96020c94b4695aec5c3427db16, type: 3}
      propertyPath: _OnPress.m_PersistentCalls.m_Calls.Array.data[0].m_CallState
      value: 2
      objectReference: {fileID: 0}
    - target: {fileID: 114193398573130750, guid: df84af96020c94b4695aec5c3427db16, type: 3}
      propertyPath: _OnPress.m_PersistentCalls.m_Calls.Array.data[0].m_MethodName
      value: ToggleCommentsPanel
      objectReference: {fileID: 0}
    - target: {fileID: 114193398573130750, guid: df84af96020c94b4695aec5c3427db16, type: 3}
      propertyPath: _OnPress.m_PersistentCalls.m_Calls.Array.data[0].m_TargetAssemblyTypeName
      value: ShowComments, Assembly-CSharp
      objectReference: {fileID: 0}
    - target: {fileID: 114193398573130750, guid: df84af96020c94b4695aec5c3427db16, type: 3}
      propertyPath: _OnPress.m_PersistentCalls.m_Calls.Array.data[0].m_Arguments.m_ObjectArgumentAssemblyTypeName
      value: UnityEngine.Object, UnityEngine
      objectReference: {fileID: 0}
    - target: {fileID: 114700673106479202, guid: df84af96020c94b4695aec5c3427db16, type: 3}
      propertyPath: pressedColor.b
      value: 0.93725497
      objectReference: {fileID: 0}
    - target: {fileID: 114700673106479202, guid: df84af96020c94b4695aec5c3427db16, type: 3}
      propertyPath: pressedColor.g
      value: 0.18431373
      objectReference: {fileID: 0}
    - target: {fileID: 114700673106479202, guid: df84af96020c94b4695aec5c3427db16, type: 3}
      propertyPath: pressedColor.r
      value: 0.65882355
      objectReference: {fileID: 0}
    - target: {fileID: 114700673106479202, guid: df84af96020c94b4695aec5c3427db16, type: 3}
      propertyPath: primaryHoverColor.b
      value: 0
      objectReference: {fileID: 0}
    - target: {fileID: 114700673106479202, guid: df84af96020c94b4695aec5c3427db16, type: 3}
      propertyPath: primaryHoverColor.g
      value: 0.5529412
      objectReference: {fileID: 0}
    - target: {fileID: 114700673106479202, guid: df84af96020c94b4695aec5c3427db16, type: 3}
      propertyPath: primaryHoverColor.r
      value: 1
      objectReference: {fileID: 0}
    - target: {fileID: 4501293334520206073, guid: df84af96020c94b4695aec5c3427db16, type: 3}
      propertyPath: m_IsActive
      value: 1
      objectReference: {fileID: 0}
    m_RemovedComponents: []
    m_RemovedGameObjects: []
    m_AddedGameObjects:
    - targetCorrespondingSourceObject: {fileID: 589012402150826218, guid: df84af96020c94b4695aec5c3427db16, type: 3}
      insertIndex: -1
      addedObject: {fileID: 2699500404407355931}
    m_AddedComponents: []
  m_SourcePrefab: {fileID: 100100000, guid: df84af96020c94b4695aec5c3427db16, type: 3}
--- !u!4 &8272970693506578800 stripped
Transform:
  m_CorrespondingSourceObject: {fileID: 589012402150826218, guid: df84af96020c94b4695aec5c3427db16, type: 3}
  m_PrefabInstance: {fileID: 8855177116863617434}
  m_PrefabAsset: {fileID: 0}
--- !u!4 &8857487693444340092 stripped
Transform:
  m_CorrespondingSourceObject: {fileID: 4493201980653798, guid: df84af96020c94b4695aec5c3427db16, type: 3}
  m_PrefabInstance: {fileID: 8855177116863617434}
  m_PrefabAsset: {fileID: 0}
